@manual{stat-syscall,
    title = {stat(2) Linux man page},
    edition = {6.03},
    year = "2023",
    month = {February},
}
@manual{libc,
    title = {libc(7) Linux man page},
    edition = {6.03},
    year = "2023",
    month = {February},
}
@manual{syscalls,
    title = {syscalls(2) Linux man page},
    edition = {6.03},
    year = "2023",
    month = {February},
}
@manual{symlink,
    title = {symlink(7) Linux man page},
    edition = {6.03},
    year = "2023",
    month = {February},
}
@manual{link,
    title = {link(2) Linux man page},
    edition = {6.03},
    year = "2023",
    month = {February},
}
@manual{inode,
    title = {inode(7) Linux man page},
    edition = {6.03},
    year = "2023",
    month = {February},
}
@manual{setuid,
    title = {setuid(3p) Linux man page},
    edition = {6.03},
    year = "2023",
    month = {February},
}
@manual{mount,
    title = {mount(2) Linux man page},
    edition = {6.03},
    year = "2023",
    month = {February},
}
@misc{kernel-vfs,
    title = {Overview of the Linux Virtual File System},
    howpublished =
        "\url{https://www.kernel.org/doc/html/next/filesystems/vfs.html}",
    note = {[Online; Accessed: 2023-03-07]},
}
@misc{kernel-fuse,
    title = "{FUSE} - The Linux Kernel Documentation",
    howpublished =
        "\url{https://www.kernel.org/doc/html/next/filesystems/fuse.html}",
    note = {[Online; Accessed: 2023-03-07]},
}
@misc{fuse-diagram-source,
    title = "{FUSE} Structure - Wikimedia Commons",
    howpublished =
        "\url{https://commons.wikimedia.org/wiki/File:FUSE_structure.svg}",
    note = {[Online; Accessed: 2023-03-07]},
}
@misc{sqlite-most-used,
    title = "{SQLite} - Most Widely Deployed Database Engine",
    howpublished =
        "\url{https://sqlite.org/mostdeployed.html}",
    note = {[Online; Accessed: 2023-03-10]},
}
@misc{xdg-base-dir-spec,
    title = "{XDG} Base Directory Specification",
    howpublished =
        "\url{https://specifications.freedesktop.org/basedir-spec/basedir-spec-latest.html}",
    note = {[Online; Accessed: 2023-03-14]},
}
@misc{rust-testing,
    title = "The Rust Programming Language - Test Organization",
    howpublished =
        "\url{https://doc.rust-lang.org/book/ch11-03-test-organization.html}",
    note = {[Online; Accessed: 2023-03-24]},
}
@misc{rust-book-ownership,
    title = "The Rust Programming Language - Understanding Ownership",
    howpublished =
        "\url{https://doc.rust-lang.org/book/ch04-00-understanding-ownership.html}",
    note = {[Online; Accessed: 2023-04-07]},
}
@misc{rust-nomicon,
    title = "The Rustonomicon",
    howpublished =
        "\url{https://doc.rust-lang.org/nomicon/}",
    note = {[Online; Accessed: 2023-04-11]},
}
@misc{cargo-book,
    title = "The Cargo Book",
    howpublished =
        "\url{https://doc.rust-lang.org/cargo/reference/features.html}",
    note = {[Online; Accessed: 2023-04-28]},
}
@inproceedings{fuse-perf,
    title = "To {FUSE} or Not to {FUSE}: Performance of User-Space File Systems",
    author = "Bharath Kumar Reddy Vangoor and Vasily Tarasov and Erez Zadok",
    booktitle = "15th {USENIX} Conference on File and Storage Technologies {FAST'17}",
    year = "2017",
    note = "{[Online; Accessed: 2023-04-07]} \url{https://www.usenix.org/system/files/conference/fast17/fast17-vangoor.pdf}",
}
@misc{chromium-mem-safety,
    title = "Memory Safety - chromium.org",
    howpublished =
        "\url{https://www.chromium.org/Home/chromium-security/memory-safety/}",
    note = {[Online; Accessed: 2023-04-07]},
}
@misc{mem-safety,
    title = "What is memory safety and why does it matter?",
    howpublished =
        "\url{https://www.memorysafety.org/docs/memory-safety/}",
    note = {[Online; Accessed: 2023-04-28]},
}
@misc{fuser-mounting-code,
    title = "fuser/fuse_pure.rs",
    howpublished =
        "\url{https://github.com/cberner/fuser/blob/39d4177e809c7ee3b6757136fee8a28d5f41f040/src/mnt/fuse_pure.rs}",
    note = {[Online; Accessed: 2023-04-28]},
}
@article{unix-intro,
  author={Ritchie, D. M. and Thompson, K.},
  journal={The Bell System Technical Journal},
  title={The UNIX time-sharing system},
  year={1978},
  volume={57},
  number={6},
  pages={1905-1929},
  doi={10.1002/j.1538-7305.1978.tb02136.x}
}
@inproceedings{multics-fs,
    author = {Daley, R. C. and Neumann, P. G.},
    title = {A General-Purpose File System for Secondary Storage},
    year = {1965},
    isbn = {9781450378857},
    publisher = {Association for Computing Machinery},
    address = {New York, NY, USA},
    url = {https://doi.org/10.1145/1463891.1463915},
    doi = {10.1145/1463891.1463915},
    booktitle = {Proceedings of the November 30--December 1, 1965, Fall Joint Computer Conference, Part I},
    pages = {213â€“229},
    numpages = {17},
    location = {Las Vegas, Nevada},
    series = {AFIPS '65 (Fall, part I)}
}
